@ARTICLE{her,
       author = {{Hogg}, David W. and {Eilers}, Anna-Christina and {Rix}, Hans-Walter},
        title = "{Spectrophotometric Parallaxes with Linear Models: Accurate Distances for Luminous Red-giant Stars}",
      journal = {\aj},
     keywords = {catalogs, Galaxy: disk, methods: statistical, stars: distances, surveys, techniques: spectroscopic, Astrophysics - Astrophysics of Galaxies, Astrophysics - Instrumentation and Methods for Astrophysics, Astrophysics - Solar and Stellar Astrophysics},
         year = 2019,
        month = oct,
       volume = {158},
       number = {4},
          eid = {147},
        pages = {147},
          doi = {10.3847/1538-3881/ab398c},
archivePrefix = {arXiv},
       eprint = {1810.09468},
 primaryClass = {astro-ph.GA},
       adsurl = {https://ui.adsabs.harvard.edu/abs/2019AJ....158..147H},
      adsnote = {Provided by the SAO/NASA Astrophysics Data System}
}
